4638 5816
944 527 1041 537 .-,.
1078 493 1250 558 11-

227 697 403 780 imperfecti
431 697 497 762 rim
517 697 718 762 Hermannus
746 697 852 775 docet,
878 697 924 762 ita
945 697 1080 762 fortasse
1108 696 1350 780 intelligendum
1378 716 1465 775 esse,
1494 699 1531 760 ut
1559 697 1601 761 sit
1624 697 1751 779 „eoepit
1772 697 1969 776 nomiucre“‚

228 799 279 864 sed
303 817 505 880 quaecuuque
528 800 740 880 congeruntur
761 797 914 878 exempla,
939 797 1045 863 omnia
1066 801 1239 880 „perpetuo
1261 796 1465 861 nominabat*
1488 797 1676 879 significant.
1725 797 1841 861 Veram
1871 799 1971 862 inter-

225 900 433 980 pretationem
454 898 613 962 invenisee
635 896 713 960 mihi
735 896 844 960 uideor
865 897 980 962 collato
1001 897 1095 961 Hom.
1117 919 1146 977 κ,
1171 898 1225 961 76:
1248 887 1291 973 ὧς
1313 895 1412 962 εἰπὼν
1434 894 1597 978 ἀπέπεμπε
1618 894 1729 978 δόμων
1743 894 1843 979 βαρέα
1857 896 1970 961 στενύ·

225 1020 336 1081 χοντα.
379 997 449 1062 lllic
471 1000 507 1060 ut
528 996 713 1079 imperfecto
735 1016 811 1061 usus
833 1000 881 1060 est
902 1000 1004 1078 poete,
1027 1000 1146 1060 utnon
1169 996 1261 1060 modo
1284 998 1478 1060 momentum
1501 996 1663 1079 rejiciendi
1687 995 1891 1078 significetur,
1915 995 1971 1060 sed

228 1101 307 1174 tota,
332 1115 391 1178 qua
404 1097 549 1180 rejicitur
564 1096 683 1175 Ulixes,
707 1097 805 1160 oratio
819 1095 913 1159 Aeoli
934 1097 1230 1177 comprehendatur,
1252 1096 1298 1160 ita
1320 1092 1484 1176 ὠνόμαζεν
1510 1099 1610 1160 totam
1631 1095 1720 1158 illam
1743 1097 1971 1177 cogitationum

228 1198 350 1275 semem,
372 1197 529 1262 Helenam
551 1196 616 1261 lore
639 1193 791 1276 έλένανν,
814 1193 986 1281 έλανδρον,
1009 1192 1172 1258 ἑλέπτολιν
1202 1196 1356 1270 continet,
1384 1195 1496 1275 quibus
1523 1197 1676 1259 adductus
1704 1193 1769 1272 ille,
1793 1195 1970 1276 quicunque

226 1299 302 1372 erat,
324 1314 431 1360 rerum
445 1296 623 1359 futurarum
637 1313 754 1376 gnarus
777 1295 974 1378 (προνοίαιω
994 1301 1054 1358 τοῦ
1076 1293 1297 1377 πεπρωμένον,
1319 1298 1471 1377 γλῶσσαν
1492 1292 1526 1360 έν
1546 1293 1629 1383 τύχᾳ
1649 1292 1769 1377 νέμων)
1785 1295 1843 1360 hoc
1857 1315 1971 1360 nomen

224 1396 354 1459 invenit.
398 1395 523 1458 Numen
550 1395 632 1458 euim
656 1395 797 1458 divinum
818 1394 916 1456 fuisse
945 1394 1117 1458 verisimile
1140 1395 1264 1458 videtur
1284 1398 1405 1476 poetae.
1451 1394 1515 1459 Cur
1536 1399 1641 1460 autem
1665 1394 1830 1458 Schdtziue
1853 1395 1971 1476 aliique

226 1498 378 1575 γλῶσσαν
400 1491 435 1557 ἐν
456 1491 538 1580 τύχᾳ
558 1491 665 1575 νέμων
684 1492 895 1574 judicaverint
916 1511 1001 1556 esse:
1022 1494 1163 1574 linguam
1187 1513 1295 1557 eorum
1311 1513 1432 1576 regens,
1450 1512 1582 1575 quorum
1599 1499 1665 1558 erat
1679 1513 1792 1557 nomen
1810 1494 1970 1576 imponere

228 1593 364 1676 puellae,
379 1611 439 1656 uon
454 1594 553 1658 video.
585 1593 674 1672 Quod
689 1594 735 1657 ita
749 1596 871 1656 tanturn
886 1595 970 1656 recte
993 1613 1026 1656 ee
1048 1592 1186 1671 haberet,
1210 1595 1236 1657 si
1260 1613 1366 1658 eorum
1388 1596 1420 1657 in
1442 1596 1521 1674 ipsis
1546 1594 1646 1657 verbis
1667 1593 1736 1656 ulla
1753 1597 1871 1660 mentio
1887 1601 1971 1659 essct

225 1693 317 1756 facta.
356 1695 494 1754 Γλώσσα
507 1692 606 1772 igitur
620 1692 832 1772 intellegenda
854 1692 921 1773 ejus
944 1693 1005 1767 dei,
1029 1693 1080 1773 qui
1097 1710 1209 1756 nomen
1224 1693 1349 1757 indidit.
1395 1696 1556 1757 Γλῶσσαν
1579 1691 1613 1758 έν
1633 1693 1717 1781 τύχᾳ
1738 1694 1844 1776 νέμων
1865 1701 1971 1759 eutem

227 1793 287 1855 hoc
308 1791 403 1854 modo
425 1790 642 1871 accipiendum
665 1793 727 1853 est:
751 1791 900 1871 „linguae
922 1791 1168 1872 gubernaculum
1190 1791 1223 1853 in
1245 1809 1338 1854 cursu
1362 1792 1419 1855 feti
1441 1791 1492 1855 vel
1514 1793 1558 1855 ita
1580 1811 1702 1874 regens,
1725 1798 1762 1857 ut
1776 1812 1890 1858 nomeu
1905 1795 1970 1858 fato

226 1888 353 1969 puellae
376 1888 613 1968 responderet“.
656 1888 718 1954 (δίε.
742 1892 801 1972 Ag.
825 1891 905 1955 802:
938 1880 974 1954 εὖ
996 1890 1167 1972 πραπίδων
1189 1889 1284 1953 οίακα
1311 1889 1433 1970 νέμων,
1463 1889 1572 1973 Suppl.
1594 1894 1672 1956 545:
1701 1890 1736 1956 ἐν
1762 1893 1838 1979 αἴσᾳ
1866 1891 1970 1957 διατέ-

227 2001 356 2066 μνονσα
379 1983 486 2065 πόρον
508 1989 677 2068 κυματίαν.

1034 2107 1066 2153 v.
1090 2088 1171 2155 uda.

335 2239 484 2322 Ζεφύρου
505 2241 655 2323 γίγαντος
677 2241 762 2326 αὔρᾳ
790 2243 872 2305 uarie
906 2245 1104 2307 tentaverunt
1135 2245 1332 2327 interpretes,
1382 2244 1518 2310 Weiliue
1542 2247 1672 2328 corrigit
1697 2249 1832 2325 πιαντός
1854 2249 1969 2327 ,οἰκία

233 2341 349 2418 lueta“,
381 2359 439 2404 non
464 2360 570 2404 secum
591 2346 738 2424 reputans
761 2343 854 2426 hujus
877 2345 962 2407 uocis
984 2367 995 2406 ι
1018 2344 1156 2424 produci.
1200 2346 1350 2422 Κοολιίιιε,
1374 2345 1427 2426 qui
1449 2344 1517 2407 fieri
1539 2363 1598 2408 nou
1621 2347 1761 2428 potuisse
1780 2349 1912 2430 judicet,
1935 2352 1971 2412 ut

230 2439 409 2520 Aeschylus
436 2445 528 2503 vento
561 2459 617 2505 sua
644 2445 754 2506 natura
782 2443 943 2506 oculorum
971 2444 1112 2507 obtutum
1147 2445 1281 2526 fugienti
1309 2445 1471 2526 formaque
1500 2450 1619 2512 carenti
1648 2449 1809 2530 epitheton
1842 2450 1972 2513 adderet

231 2538 369 2618 corporis
396 2539 645 2621 magnitudinem
674 2543 767 2622 atque
795 2542 859 2605 vim
887 2543 1043 2622 indicans,
1073 2544 1131 2608 hoc
1153 2543 1272 2625 judicio
1303 2564 1363 2608 non
1393 2563 1491 2626 pauca
1522 2566 1538 2608 e
1562 2547 1752 2612 Graecorum
1774 2549 1971 2631 mythologie
2065 2613 2068 2618 ,

231 2636 352 2699 arrferre
376 2637 504 2701 videtur.
559 2637 669 2720 Suppl.
692 2640 768 2704 5⁴30:
800 2645 938 2722 λειμῶνα
969 2641 1191 2724 χιονόβοσκον,
1223 2640 1290 2708 ὅντ’
1324 2641 1489 2727 ἐπέρχεται
1524 2649 1624 2727 Τυφῶ
1654 2644 1748 2728 μένος
1779 2651 1889 2711 uentus
1923 2653 1971 2711 est

233 2731 362 2816 Τυφών,
386 2737 438 2817 qui
460 2737 584 2800 niuibus
607 2738 718 2801 solutis
741 2738 807 2801 Nili
830 2741 928 2803 undas
951 2745 1055 2823 auget,
1079 2761 1266 2825 quamquam
1290 2744 1373 2808 idem
1396 2745 1486 2826 giga-s
1509 2745 1637 2808 immani
1662 2763 1789 2825 corpore
1809 2748 1970 2830 praeditus

229 2837 278 2894 ost
299 2833 329 2895 in
353 2833 458 2899 Proui.
480 2837 585 2898 vincto
608 2837 685 2900 351:

727 2934 785 3001 τὸν
806 2946 924 3021 γηγενῆ
946 2961 978 3002 τε
1002 2940 1155 3003 Κιλικίων
1177 2940 1330 3026 οἰκήτορα

723 3035 851 3119 ἄντρων
872 3035 953 3101 ἰδὼν
974 3037 1119 3126 ᾤκτειρα,
1142 3038 1237 3103 δάϊον
1257 3038 1350 3125 τέρας

725 3133 986 3218 ἑκατογκάρανον
1008 3136 1090 3220 πρὸς
1111 3141 1188 3220 βίαν
1209 3137 1417 3221 χειρούμενον

729 3239 870 3317 Τυφῶνα
892 3242 1029 3320 θοῦρον,
1053 3244 1152 3300 πᾶσιν
1174 3236 1211 3314 ὃς
1232 3234 1350 3319 ἀνέστη
1371 3243 1469 3315 θεοῖς.

326 3345 397 3409 Non
428 3349 476 3410 est
506 3347 619 3429 igitur,
651 3368 706 3413 cnr
740 3352 772 3414 iu
797 3352 946 3434 γίγαντος
976 3352 1171 3430 haereamus,
1203 3353 1327 3417 collatis
1358 3355 1509 3436 Hesychii
1537 3356 1619 3420 huuc
1641 3358 1756 3438 locum,
1779 3365 1814 3423 ut
1835 3361 1969 3438 videtur,

228 3444 399 3523 spectantis
418 3446 538 3527 glossa:
560 3446 711 3529 μεγάλου,
735 3449 880 3533 ἰσχυροῦ,
903 3449 1092 3532 ὑπερφυοῦς
1113 3455 1145 3515 et
1166 3453 1259 3516 Laur.
1282 3453 1359 3534 Lyd.
1383 3455 1412 3520 d.
1435 3475 1534 3520 mene.
1556 3465 1587 3537 p.
1606 3458 1664 3520 lll
1688 3459 1797 3537 Belle,
1821 3462 1968 3541 quemad

228 3543 310 3607 hunc
336 3564 462 3608 versum
492 3547 571 3610 citat
592 3547 749 3628 Engerus:
778 3546 871 3630 έρωτι
891 3546 932 3613 ὃν
952 3549 985 3612 οἱ
1004 3549 1138 3632 μυθικοί
1163 3549 1315 3633 Ζεφύρου
1336 3559 1395 3616 τοῦ
1415 3557 1566 3636 γίγαντος
1588 3551 1669 3619 εἶναι
1691 3559 1791 3620 παῖδα
1813 3556 1967 3635 ἀξιοῦσιν.

235 3638 382 3726 Ζέφυρον
412 3647 518 3708 entem
549 3665 610 3709 non
641 3648 708 3710 sine
740 3666 834 3712 oense
863 3653 1070 3714 memoratum
1101 3670 1169 3715 esse
1192 3649 1284 3714 docet
1306 3651 1415 3731 schol,
1439 3651 1471 3728 ἐξ
1491 3649 1626 3739 ἑσπέρας
1647 3654 1711 3737 γὰρ
1732 3654 1838 3721 πνέων
1859 3657 1970 3739 ούριος

228 3737 334 3826 τούτῳ
357 3739 497 3823 γέγονεν,

965 3869 996 3915 ν.
1020 3849 1232 3918 dote-dots.

327 3943 493 4011 librorum
516 3951 672 4030 scriptura
693 3952 772 4017 haec
794 3957 857 4018 cst:

625 4048 827 4134 πολύανδροί
847 4076 879 4116 τε
901 4052 1096 4138 φεράσπιδες
1119 4055 1254 4138 κυναγοὶ

628 4147 694 4214 κατ’
718 4151 808 4235 λχνος
829 4150 955 4217 πλάταν
976 4150 1125 4237 ἄφαντον

622 4247 808 4314 κελσάντων
829 4249 1006 4333 Σιμόεντος
1028 4248 1065 4314 ά-

623 4344 701 4422 κτὰς
723 4349 819 4426 (Flor.
843 4346 955 4430 ἀκτᾶς)
979 4345 1025 4418 ἐπ’
1048 4349 1244 4436 ἀεξιφύλλους
1266 4355 1372 4435 (Farn.
1396 4353 1622 4438 ἀεξιφύλλους)

625 4444 663 4510 δι’
689 4446 758 4529 έριν
780 4449 1004 4531 αἱματόεσσαν.
1056 4451 1061 4464 ’

233 4601 248 4628 .
326 4559 464 4626 Multum
486 4581 596 4644 operae
618 4565 649 4627 in
672 4563 731 4628 hoc
753 4565 822 4629 loco
835 4568 944 4649 procul
958 4569 1052 4632 dubio
1067 4568 1257 4635 difficillimo
1271 4573 1459 4655 interpretes
1475 4579 1744 4657 consumpserunt.
1772 4578 1813 4642 Et
1827 4581 1965 4662 primum

229 4655 326 4735 luere,
351 4662 404 4740 qui
425 4662 568 4727 codicum
594 4664 782 4728 auctoritate
811 4669 934 4730 servata
965 4670 1129 4732 censerent
1155 4689 1191 4733 er
1213 4666 1344 4736 έπλενσε
1367 4674 1455 4752 (691)
1484 4675 1689 4756 repetendum
1717 4697 1785 4741 esse
1808 4676 1966 4743 ἔπλευσαν

231 4756 432 4841 ordinemque
461 4760 625 4825 verborum
656 4763 739 4827 hunc
769 4784 852 4829 esse:
896 4762 1097 4851 πολύανδροί
1126 4790 1159 4832 τε
1190 4768 1385 4854 φεράσπιδες
1413 4773 1549 4855 κυναγοὶ
1579 4771 1616 4838 δι’
1651 4772 1719 4860 έριν
1748 4776 1963 4861 αἱματόεσσαν

230 4851 386 4922 ἔπλευσαν
407 4853 473 4922 κατ’
495 4859 585 4942 ἴχνος
606 4861 789 4928 κελσάντων
811 4862 958 4947 ἄφαντον
978 4863 1104 4932 πλάταν
1130 4863 1177 4934 ἐπ’
1202 4865 1413 4952 ἀεξιφύλλους
1443 4867 1542 4947 ἀκτάς
1564 4872 1759 4956 Σιμόεντοςε
1789 4878 1964 4959 „multique
