4638 5816
972 538 1034 545 -.„
1072 503 1109 565 13
1168 538 1245 544 ---

221 711 299 787 τοὺς
320 710 452 786 αἰτίους.
497 706 699 790 corruptelae
721 708 825 771 autem
855 705 983 768 initium
1013 704 1132 769 factum
1160 725 1228 770 esse
1259 707 1434 788 putaverim
1455 707 1494 772 ab
1515 704 1554 771 ἐτι
1577 743 1613 750 —-
1635 706 1668 770 in
1690 703 1854 788 διεπὲρου,
1878 708 1960 786 qnod

221 815 347 894 propter
369 809 495 874 easdem
516 807 625 872 literas
646 807 679 870 in
702 801 802 881 ἀκτὰς
822 800 868 871 ἐπ’
893 801 1104 887 ἀεξιφύλλους
1124 808 1344 888 praecedentes
1373 807 1539 871 exciderat.

976 1009 1009 1056 r.
1031 989 1206 1056 ese-34.

866 1147 975 1226 αἵματι
996 1140 1024 1208 d’
1047 1139 1135 1220 οἶκος
1156 1141 1297 1228 ἐφύρθη,

866 1243 994 1327 ἄμαχον
1016 1241 1113 1325 ἄλγος
1133 1239 1270 1320 οἰκέταις

865 1339 947 1427 μέγα
968 1343 1057 1418 σίνος
1078 1339 1289 1406 πολύκτονου.

313 1478 434 1559 ’Ἀλγος
454 1481 487 1541 et
507 1477 596 1552 σίνος
616 1495 679 1541 non
692 1475 793 1540 redire
807 1477 846 1540 ad
861 1469 950 1550 οίκος
962 1494 1035 1539 eum
1048 1492 1140 1539 nemo
1155 1490 1217 1538 non
1230 1475 1344 1553 videat,
1358 1475 1624 1558 Naegelsbachius
1640 1473 1694 1539 διὰ
1708 1470 1809 1556 μέσου
1823 1477 1961 1558 pesitum

223 1596 294 1639 esse
316 1594 440 1640 versum
464 1575 573 1656 αίματι
594 1571 624 1636 δ’
647 1569 736 1651 οίιιος
757 1573 898 1658 ἐφύρθη,
921 1574 1060 1639 Keekins
1081 1576 1188 1637 antem
1210 1574 1307 1637 etiam
1328 1577 1399 1639 ante
1422 1576 1480 1640 731
1505 1574 1719 1639 collocandum
1742 1593 1812 1638 esse
1830 1573 1961 1656 judicat.

224 1674 288 1738 Sed
311 1693 372 1738 non
392 1675 432 1738 ad
454 1669 542 1749 οίιιος
564 1673 670 1744 solum
691 1672 788 1754 ἀλγος
810 1677 842 1738 et
862 1674 951 1749 σίνος
974 1672 1117 1754 apposita
1139 1676 1222 1750 sunt,
1245 1672 1301 1736 sed
1322 1672 1361 1736 ad
1385 1676 1484 1737 totum
1506 1693 1641 1751 versum,
1657 1674 1961 1756 cujussppcsitionis

224 1774 367 1856 exempla
388 1792 449 1838 non
471 1791 571 1854 pauca
592 1773 683 1837 obvia
705 1777 778 1837 sunt
808 1777 839 1836 et
864 1773 947 1855 apud
971 1772 1107 1838 Graecos
1135 1775 1167 1834 et
1188 1771 1332 1848 Latinos,
1365 1771 1421 1836 cfr.
1443 1771 1537 1836 Hem.
1560 1775 1594 1836 λλ
1617 1772 1692 1838 735:
1717 1771 1739 1855 ἤ
1760 1797 1807 1849 τις
1825 1770 1963 1856 Ἀχαιῶν

225 1872 311 1952 ῥίψει
337 1871 442 1956 χειρὸς
465 1868 545 1937 ἑλὼν
567 1869 631 1936 ἀπὸ
653 1870 782 1955 πύργου
789 1921 799 1953 ,
819 1870 943 1954 λυγρὸν
963 1871 1103 1954 ὄλεθρον
1109 1897 1121 1946 ‚·
1142 1871 1257 1936 Aesch.
1279 1871 1341 1953 Ag.
1363 1873 1441 1936 226:
1464 1868 1538 1935 ἔτλα
1558 1867 1586 1935 δ’
1609 1863 1670 1936 οὖν
1687 1869 1794 1957 θυτὴρ
1812 1870 1963 1956 γενέσθαι

222 1969 401 2052 θυγατρός,
422 1970 682 2052 γυναικοποίνων
703 1968 851 2053 πολέμων
872 1969 1006 2056 ἀρωγὰν
1032 1971 1086 2034 καί
1111 1969 1277 2054 προτέλεια
1302 1977 1392 2034 ναῶν
1399 1997 1411 2047 ,-
1438 1971 1511 2035 Eur.
1533 1972 1658 2035 Heracl.
1682 1971 1736 2035 71:
1766 1969 1963 2053 βιαζόμεσθα

224 2068 277 2132 καί
299 2067 400 2151 στέφη
420 2073 591 2152 μιαίνεται,
618 2069 709 2136 πόλει
730 2066 754 2136 τ’
779 2069 903 2146 ὄνειδος
927 2069 981 2133 καί
1007 2077 1095 2134 θεῶν
1125 2067 1213 2151 ἀτιμί
1236 2120 1242 2134 .
1295 2069 1368 2134 Tac.
1391 2088 1461 2134 ann.
1485 2072 1519 2146 l,
1542 2071 1597 2134 27:
1629 2071 1786 2136 Deserunt
1814 2069 1961 2146 tribunal,

224 2187 336 2232 manns
358 2171 562 2248 intentantes,
586 2190 711 2236 causam
734 2171 908 2235 discordiae
931 2173 963 2234 et
983 2170 1110 2234 initium
1131 2187 1300 2234 armorum.

969 2355 1003 2401 r.
1025 2333 1217 2400 rea-772.

325 2469 518 2536 Sententiam
542 2493 604 2538 uss.
627 2474 793 2539 use—teu
816 2473 998 2555 expositam,
1019 2473 1153 2554 impium
1175 2472 1296 2536 facinus
1317 2475 1409 2555 plura
1431 2475 1577 2556 deinceps
1599 2473 1737 2537 facinora
1758 2492 1867 2556 parere
1889 2491 1963 2536 snae

226 2572 317 2653 stirpi
341 2572 468 2649 similia,
491 2573 587 2638 latius
611 2574 750 2637 extendit
770 2575 864 2653 poeta
884 2572 942 2636 hoc
963 2572 1073 2636 mcdc:
1104 2572 1203 2636 Vetus
1226 2573 1356 2636 audacia
1377 2573 1459 2636 solet
1478 2591 1591 2637 novam
1612 2590 1731 2654 parere.
1775 2572 1861 2651 Quae
1883 2570 1908 2632 si
1932 2572 1964 2634 iu

227 2670 402 2734 homiuibus
425 2691 549 2754 semper
571 2677 713 2737 remanet
735 2674 933 2755 (semperque
957 2672 1095 2736 facinora
1116 2671 1164 2734 sui
1187 2671 1305 2735 similia
1325 2671 1453 2754 gignit),
1477 2672 1602 2736 tandem
1624 2670 1879 2752 procreatione,
1901 2670 1922 2734 i.
1938 2691 1964 2733 ο.

223 2767 398 2852 ἀλάστορα,
422 2773 547 2853 qualem
570 2775 603 2837 in
625 2777 719 2855 gente
741 2773 933 2848 Atridarum,
957 2772 989 2835 in
1003 2772 1089 2852 regia
1103 2770 1264 2847 Thebana,
1288 2773 1321 2834 in
1342 2772 1563 2835 Laomedontis
1587 2789 1699 2852 genere
1721 2771 1819 2834 fuisse
1842 2769 1965 2834 fabulae

223 2872 387 2950 poetarum
403 2870 592 2936 Graecorum
616 2872 738 2936 docent.
784 2871 845 2936 Sed
867 2874 1013 2954 corrupta
1033 2890 1109 2934 mss.
1132 2872 1288 2951 scriptura
1310 2889 1346 2934 ee
1368 2871 1557 2935 obscuravit.
1600 2870 1742 2936 Tradunt
1763 2871 1859 2934 enim:
1882 2872 1968 2952 φιλεῖ

225 2965 261 3030 δὲ
282 2968 397 3032 τίκτειν
417 2968 511 3052 ὕβρις
530 2969 589 3049 μὲν
610 2969 731 3032 παλαιά
757 2970 937 3048 νεάζουσαν
963 2967 998 3034 ἐν
1024 2975 1135 3044 κακοῖς
1160 2971 1288 3054 βροτῶν
1310 2968 1420 3051 ὕβριν,
1451 2965 1513 3034 τότ’
1536 2968 1557 3050 ἢ
1578 2964 1661 3050 τόθ’,
1684 2969 1764 3034 ὅταν
1790 2967 1825 3033 τὸ
1852 2966 1966 3050 κύριον

222 3065 306 3149 μόλμ
327 3066 426 3148 νεαρά
448 3066 565 3149 φάους.
597 3065 696 3132 κότον
719 3067 858 3150 δαίμονά
879 3092 912 3133 τε
933 3068 992 3133 τὸν
1014 3069 1156 3151 ἀμαχον,
1180 3067 1358 3150 ἀπόλεμον,
1382 3067 1529 3151 ἀνίερον,
1552 3067 1678 3152 θράσος
1698 3069 1849 3151 μελαίνας
1870 3066 1965 3149 μελά·

224 3171 356 3244 θροισιν
369 3165 476 3248 Ἄτας,
499 3163 667 3249 είδομίναν
689 3176 846 3232 τοκεῦσιν.
890 3170 1033 3233 Primum
1054 3172 1142 3251 patet
1163 3166 1263 3250 νεαρὰ
1285 3189 1379 3233 sensu
1401 3188 1527 3249 prorsus
1550 3188 1666 3244 carcre,
1684 3169 1795 3232 deinde
1810 3186 1872 3231 non
1893 3169 1965 3248 apte

227 3263 375 3346 conjungi
396 3270 480 3347 φιλεῖ
500 3268 617 3330 τίκτειν
639 3264 730 3351 ὕβρις
751 3265 848 3353 ύβριν
869 3267 1007 3348 δαίμονα
1029 3290 1070 3330 τε.
1115 3269 1224 3349 Neque
1248 3270 1331 3332 enim
1353 3270 1514 3333 audaciam
1539 3268 1668 3350 gignere
1689 3265 1770 3349 ἀτην
1801 3267 1966 3330 dicendum

225 3369 290 3428 erat
314 3367 423 3430 eodem
446 3368 538 3431 modo
561 3386 621 3448 quc
644 3387 757 3432 noram
780 3368 954 3445 andaciam,
978 3370 1032 3431 sed
1054 3367 1151 3450 ὕβριν
1173 3370 1199 3432 si
1222 3369 1460 3432 inveteravisset
1482 3368 1643 3449 multaque
1666 3367 1764 3449 impia
1779 3367 1966 3430 facinoraex

225 3484 292 3526 sese
315 3467 485 3546 genuisset,
510 3470 577 3529 tum
600 3469 726 3531 demum
748 3488 856 3551 parere
880 3466 979 3549 ἀτην,·
1002 3488 1101 3548 neque
1124 3464 1185 3533 τότ’
1212 3466 1230 3549 ἢ
1251 3464 1333 3546 τόθ’,
1356 3467 1437 3530 ὅταν
1451 3465 1487 3531 τὸ
1503 3465 1617 3550 κύριον
1631 3464 1715 3548 μόλμ
1729 3466 1851 3542 „serius
1867 3464 1968 3540 coine,

223 3581 295 3625 cum
317 3568 442 3644 ternpus
466 3584 484 3627 a
506 3566 569 3629 lato
594 3567 786 3630 destinatum
808 3568 1002 3645 advenerit‘,
1025 3569 1064 3632 ad
1079 3566 1174 3650 ὕβριν
1188 3569 1304 3630 τίκτειν
1327 3569 1473 3647 pertinet,
1497 3567 1552 3629 sed
1573 3565 1613 3629 ad
1634 3566 1676 3640 id,
1694 3567 1774 3646 qued
1790 3565 1969 3648 graviorem

225 3661 288 3726 rim
310 3663 421 3726 habet:
447 3663 584 3743 dcipouc
606 3671 665 3731 ete.
710 3666 796 3730 Solet
823 3667 956 3731 audacia
985 3668 1108 3748 saepius
1135 3671 1262 3749 gignere
1290 3684 1416 3742 novam,
1447 3666 1544 3729 donec
1572 3665 1622 3728 die
1652 3664 1742 3728 fatali
1763 3663 1967 3727 illucescente

226 3760 351 3823 tandem
372 3761 456 3843 ἀτην
478 3767 574 3828 creat.
616 3765 660 3828 Ex
682 3765 732 3841 iis,
756 3785 834 3846 quae
857 3767 949 3829 modo
972 3767 1108 3846 exposui,
1140 3768 1167 3828 si
1197 3767 1288 3829 modo
1319 3784 1391 3829 vera
1431 3768 1517 3842 sunt,
1550 3767 1680 3847 apparet
1709 3762 1789 3826 nihil
1817 3763 1968 3844 preficere

225 3878 334 3924 omnes
357 3881 408 3924 eas
431 3861 637 3944 conjecturas,
661 3884 739 3947 quae
763 3869 885 3928 tantum
906 3864 1007 3947 νεαρὰ
1030 3864 1136 3948 φάους
1157 3865 1255 3929 κότον
1278 3866 1433 3947 corrigere
1456 3867 1625 3947 temptent,
1649 3866 1683 3924 ut
1705 3863 1877 3926 Hermanni
1902 3857 1963 3926 τότ’

224 3956 329 4040 ἦτότ’
354 3957 411 4024 ἔστ’
437 3958 479 4024 ἀν
500 3959 552 4026 ἐπὶ
572 3961 609 4027 τὸ
633 3962 747 4044 κύριον
767 3963 850 4046 μόλγ
873 3960 930 4051 νὲρι
953 3964 1053 4052 ῥαφᾷ,
1084 3963 1313 4028 Schneidewini
1344 3962 1528 4046 φαεσκότου
1559 3961 1785 4042 („l)ellbti1'iet‘¹,
1817 3961 1897 4042 qued
1929 3961 1967 4025 ab

223 4059 291 4140 ipsc
315 4061 528 4143 excogitatum
551 4080 625 4126 voce
648 4060 835 4144 φαεσφόρος
858 4064 937 4126 tueri
961 4063 1116 4144 cenatur),
1141 4064 1241 4146 ejecto
1263 4062 1374 4146 νεαρά,
1397 4063 1556 4140 thiersii,
1589 4080 1682 4143 quem
1704 4061 1845 4142 plerique
1867 4062 1969 4124 secuti

225 4166 308 4233 eunt,
330 4161 413 4244 polp
434 4159 519 4242 φάος
541 4160 653 4240 τόκου,
677 4162 779 4225 deleto
801 4161 911 4246 νεαροὶ,
935 4162 1109 4227 Cesaribuni
1132 4163 1238 4247 φάους
1260 4160 1387 4227 σκότον.
1431 4165 1546 4226 Veram
1565 4160 1754 4225 sententiam
1767 4160 1969 4243 perpetuitati

226 4259 374 4322 carminis
403 4261 613 4324 necessariam
639 4261 759 4324 iurem't
785 4261 1036 4327 Heimsoethius:
1066 4263 1170 4345 ὕβριν,
1198 4258 1260 4326 τότ’
1285 4263 1305 4347 ἢ
1326 4260 1409 4346 τόθ’,
1431 4263 1483 4327 ὅτε
1505 4262 1540 4326 τὸ
1563 4260 1677 4346 κύριον
1697 4258 1791 4346 μόλγ,
1813 4257 1968 4324 νεοτόκον

222 4358 363 4438 δαίμονα
383 4360 474 4422 τίταν
496 4359 637 4444 ἄμαχον·
661 4360 845 4436 „audaciam
868 4380 982 4424 novam
1004 4381 1059 4425 suc
1082 4367 1221 4444 tempore
1245 4361 1326 4445 ἀτην
1348 4367 1545 4438 creantem“;
1570 4362 1625 4424 sed
1647 4360 1795 4440 displicet
1815 4357 1969 4433 νεοτόκος

225 4459 442 4524 adversativum
461 4479 582 4541 regens
627 4459 729 4538 Quare
751 4459 890 4528 Keckius
914 4461 1041 4525 scribit:
1063 4459 1159 4543 filipert
1179 4457 1242 4526 τότ’
1267 4459 1364 4545 ἢτότ’
1382 4461 1450 4527 ίστε
1465 4460 1580 4543 κύριον
1594 4464 1703 4542 μολεῖν
1718 4457 1774 4541 ἔαρ
1788 4455 1970 4540 φαεσκότου

226 4555 361 4636 δαίμονα
375 4563 496 4621 τεκεῑνι
520 4561 705 4636 „audaciam
726 4560 840 4641 gignit,
865 4560 962 4623 donee
984 4579 1039 4623 ver
1060 4562 1163 4624 natale
1185 4562 1322 4640 aduenit,
1339 4562 1421 4642 quod
1435 4561 1517 4643 ἀτηυ
1531 4561 1665 4643 gignit‘.
1710 4559 1771 4623 Sed
1786 4557 1855 4624 ἔστε
1870 4576 1895 4621 c.
1911 4557 1967 4627 inf.

226 4661 298 4722 ante
320 4657 488 4721 amanum
510 4678 572 4722 non
594 4659 727 4723 inveniri
749 4660 816 4740 ipse
839 4660 916 4723 dicit
938 4663 969 4723 et
989 4655 1053 4724 τότ’
1076 4657 1097 4742 ἢ
1117 4658 1189 4723 τότε
1212 4664 1314 4725 verius
1337 4662 1376 4725 ad
1397 4660 1536 4742 δαίμονα
1552 4677 1645 4741 quam
1660 4659 1699 4722 ad
1713 4658 1809 4740 ὕβριν
1822 4659 1968 4722 trahitur.

231 4757 377 4838 idemque
402 4758 484 4820 cadit
504 4759 594 4836 inid,
614 4759 839 4842 quodMaehly
862 4759 998 4842 conjecit
1018 4755 1082 4825 τότ’
1105 4757 1126 4842 ἢ
1147 4755 1209 4824 τότ’
1235 4757 1293 4825 ἔστ’
1320 4760 1361 4824 ἀν
1382 4758 1497 4844 κύριον
1517 4758 1600 4843 μόλῃ
1621 4754 1741 4840 τέκμαρ
1762 4755 1969 4840 βαθύσκοτον

224 4853 367 4935 δαίμονα
387 4853 513 4920 τεκοῦσ’
539 4856 663 4941 ἀμαχον
690 4858 810 4936 „donee
833 4860 871 4923 ad
899 4861 993 4924 linem
1021 4859 1213 4925 destinatum
1241 4861 1341 4939 uenit,
1370 4863 1409 4924 ad
1436 4862 1561 4940 partum
1584 4855 1695 4939 drepe“,
1718 4858 1750 4921 in
1774 4876 1833 4939 quo
1856 4858 1969 4920 durum
